@article{Mountcastle1997,
  doi = {10.1093/brain/120.4.701},
  url = {https://doi.org/10.1093/brain/120.4.701},
  year  = {1997},
  month = {apr},
  publisher = {Oxford University Press ({OUP})},
  volume = {120},
  number = {4},
  pages = {701--722},
  author = {V. Mountcastle},
  title = {The columnar organization of the neocortex},
  journal = {Brain}
}
@article{goodhill2002cortical,
  title={Cortical columns},
  author={Goodhill, Geoffrey J and Carreira-Perpi{\~n}{\'a}n, Miguel {\'A}},
  journal={Encyclopedia of cognitive science},
  year={2002},
  publisher={Wiley Online Library}
}